<?xml version="1.0" encoding="UTF-8"?><collection xmlns="http://www.loc.gov/MARC21/slim"><record><leader>00461nam--2200181-i-4500</leader><controlfield tag="001">000003260</controlfield><controlfield tag="002">20161230</controlfield><controlfield tag="005">20161230201025</controlfield><controlfield tag="008">060222s1000------------r-----000-0-eng-d</controlfield><datafield ind1=" " ind2=" " tag="040"><subfield code="a">IFIN-HH</subfield></datafield><datafield ind1=" " ind2=" " tag="080"><subfield code="a">53</subfield></datafield><datafield ind1="1" ind2=" " tag="100"><subfield code="a">Bishop,R.E.D</subfield></datafield><datafield ind1="1" ind2="0" tag="245"><subfield code="a">Vibration analysis tables</subfield><subfield code="c">R.e.d bishop, d.c. johnson</subfield></datafield><datafield ind1=" " ind2=" " tag="260"><subfield code="a">Cambridge</subfield><subfield code="b">The University Press</subfield><subfield code="c">1956</subfield></datafield><datafield ind1=" " ind2=" " tag="300"><subfield code="a">59P</subfield></datafield><datafield ind1="1" ind2=" " tag="700"><subfield code="a">Johnson,D.C</subfield></datafield><datafield ind1=" " ind2=" " tag="852"><subfield code="a">12815</subfield><subfield code="c">53.081</subfield></datafield><datafield ind1=" " ind2=" " tag="CAT"><subfield code="a">Sys</subfield><subfield code="c">20151112</subfield><subfield code="h">130942</subfield></datafield></record></collection>